@inproceedings{fu2024drive,
  title={Drive like a human: Rethinking autonomous driving with large language models},
  author={Fu, Daocheng and Li, Xin and Wen, Licheng and Dou, Min and Cai, Pinlong and Shi, Botian and Qiao, Yu},
  booktitle={Proceedings of the IEEE/CVF Winter Conference on Applications of Computer Vision},
  pages={910--919},
  year={2024}
}


@INPROCEEDINGS{10707968,
  author={Duddela, Suma Saathvika and Fukuta, Naoki},
  booktitle={2024 16th IIAI International Congress on Advanced Applied Informatics (IIAI-AAI)}, 
  title={Toward an Acceptable Dynamic Allocation Considering Fairness on Autonomous Car Parking}, 
  year={2024},
  volume={},
  number={},
  pages={286-291},
  keywords={Natural languages;Dynamic scheduling;Car parking;Resource management;Informatics;autonomous cars;parking allocation;fairness;Large Language Models},
  doi={10.1109/IIAI-AAI63651.2024.00061}}

@INPROCEEDINGS{10707898,
  author={Iftekhar, Ahamad and Fukuta, Naoki},
  booktitle={2024 16th IIAI International Congress on Advanced Applied Informatics (IIAI-AAI)}, 
  title={Toward an Efficient and Resilient Electric Vehicle Charging Place Allocation Using Multiagent Approach}, 
  year={2024},
  volume={},
  number={},
  pages={663-664},
  keywords={Machine learning;Predictive models;Charging stations;Dynamic scheduling;Complexity theory;Batteries;Resource management;Vehicle dynamics;Informatics;Smart charging;Electric Vehicles;Multiagent Learning;Charge Prediction;Optimal Route},
  doi={10.1109/IIAI-AAI63651.2024.00126}}


@article{chang2024survey,
  title={A survey on evaluation of large language models},
  author={Chang, Yupeng and Wang, Xu and Wang, Jindong and Wu, Yuan and Yang, Linyi and Zhu, Kaijie and Chen, Hao and Yi, Xiaoyuan and Wang, Cunxiang and Wang, Yidong and others},
  journal={ACM transactions on intelligent systems and technology},
  volume={15},
  number={3},
  pages={1--45},
  year={2024},
  publisher={ACM New York, NY}
}
ADAS
@inproceedings{cho2020more,
  title={The More You Know, The More You Can Trust: Drivers’ Understanding of the Advanced Driver Assistance System},
  author={Cho, Jiyong and Heo, Jeongyun},
  booktitle={HCI in Mobility, Transport, and Automotive Systems. Automated Driving and In-Vehicle Experience Design: Second International Conference, MobiTAS 2020, Held as Part of the 22nd HCI International Conference, HCII 2020, Copenhagen, Denmark, July 19--24, 2020, Proceedings, Part I 22},
  pages={230--248},
  year={2020},
  organization={Springer}
}

@article{cui2024receive,
  title={Receive, reason, and react: Drive as you say, with large language models in autonomous vehicles},
  author={Cui, Can and Ma, Yunsheng and Cao, Xu and Ye, Wenqian and Wang, Ziran},
  journal={IEEE Intelligent Transportation Systems Magazine},
  year={2024},
  publisher={IEEE}
}


@article{zhang2024instruct,
  title={Instruct Large Language Models to Drive like Humans},
  author={Zhang, Ruijun and Guo, Xianda and Zheng, Wenzhao and Zhang, Chenming and Keutzer, Kurt and Chen, Long},
  journal={arXiv preprint arXiv:2406.07296},
  year={2024}
}

@article{antonio2022multi,
  title={Multi-agent deep reinforcement learning to manage connected autonomous vehicles at tomorrow's intersections},
  author={Antonio, Guillen-Perez and Maria-Dolores, Cano},
  journal={IEEE Transactions on Vehicular Technology},
  volume={71},
  number={7},
  pages={7033--7043},
  year={2022},
  publisher={IEEE}
}
%aunomous level
@article{raza2018autonomous,
  title={Autonomous vehicles: levels, technologies, impacts and concerns},
  author={Raza, Mohsin},
  journal={International Journal of Applied Engineering Research},
  volume={13},
  number={16},
  pages={12710--12714},
  year={2018}
}
@article{balasubramaniam2022object,
  title={Object detection in autonomous vehicles: Status and open challenges},
  author={Balasubramaniam, Abhishek and Pasricha, Sudeep},
  journal={arXiv preprint arXiv:2201.07706},
  year={2022}
}
%reinforcement learning
@article{kaelbling1996reinforcement,
  title={Reinforcement learning: A survey},
  author={Kaelbling, Leslie Pack and Littman, Michael L and Moore, Andrew W},
  journal={Journal of artificial intelligence research},
  volume={4},
  pages={237--285},
  year={1996}
}
@techreport{singh2024systematic,
  title={A Systematic Approach for Creation of SOTIF’s Unknown Unsafe Scenarios: An Optimization based Method},
  author={Singh, Tajinder and van Hassel, Edwin and Sheorey, Akshay and Alirezaei, Mohsen},
  year={2024},
  institution={SAE Technical Paper}
}


this section for LLM quantization
@article{Jin2024ACE,
  title={A Comprehensive Evaluation of Quantization Strategies for Large Language Models},
  author={Renren Jin and Jiangcun Du and Wuwei Huang and Wei Liu and Jian Luan and Bin Wang and Deyi Xiong},
  journal={ArXiv},
  year={2024},
  volume={abs/2402.16775},
  url={https://api.semanticscholar.org/CorpusID:268032411}
}
@inproceedings{xiao2023smoothquant,
  title={Smoothquant: Accurate and efficient post-training quantization for large language models},
  author={Xiao, Guangxuan and Lin, Ji and Seznec, Mickael and Wu, Hao and Demouth, Julien and Han, Song},
  booktitle={International Conference on Machine Learning},
  pages={38087--38099},
  year={2023},
  organization={PMLR}
}

@inproceedings{MatthewLam2024ACL,
  title={A Closer Look at Tool-based Logical Reasoning with LLMs: The Choice of Tool Matters},
  author={Long Hei Matthew Lam and Ramya Keerthy Thatikonda and Ehsan Shareghi},
  booktitle={Australasian Language Technology Association Workshop},
  year={2024},
  url={https://api.semanticscholar.org/CorpusID:270219176}
}


About LLM:
159
@article{wei2022emergent,
  title={Emergent abilities of large language models},
  author={Wei, Jason and Tay, Yi and Bommasani, Rishi and Raffel, Colin and Zoph, Barret and Borgeaud, Sebastian and Yogatama, Dani and Bosma, Maarten and Zhou, Denny and Metzler, Donald and others},
  journal={arXiv preprint arXiv:2206.07682},
  year={2022}
}
33
@article{dong2022survey,
  title={A survey on in-context learning},
  author={Dong, Qingxiu and Li, Lei and Dai, Damai and Zheng, Ce and Ma, Jingyuan and Li, Rui and Xia, Heming and Xu, Jingjing and Wu, Zhiyong and Liu, Tianyu and others},
  journal={arXiv preprint arXiv:2301.00234},
  year={2022}
}
Role play 124
@article{shanahan2023role,
  title={Role play with large language models},
  author={Shanahan, Murray and McDonell, Kyle and Reynolds, Laria},
  journal={Nature},
  volume={623},
  number={7987},
  pages={493--498},
  year={2023},
  publisher={Nature Publishing Group UK London}
}


@article{gehring2024rlef,
  title={Rlef: Grounding code llms in execution feedback with reinforcement learning},
  author={Gehring, Jonas and Zheng, Kunhao and Copet, Jade and Mella, Vegard and Carbonneaux, Quentin and Cohen, Taco and Synnaeve, Gabriel},
  journal={arXiv preprint arXiv:2410.02089},
  year={2024}
}

@article{ahn2022can,
  title={Do as i can, not as i say: Grounding language in robotic affordances},
  author={Ahn, Michael and Brohan, Anthony and Brown, Noah and Chebotar, Yevgen and Cortes, Omar and David, Byron and Finn, Chelsea and Fu, Chuyuan and Gopalakrishnan, Keerthana and Hausman, Karol and others},
  journal={arXiv preprint arXiv:2204.01691},
  year={2022}
}
28
@article{deng2023mind2web,
  title={Mind2web: Towards a generalist agent for the web},
  author={Deng, Xiang and Gu, Yu and Zheng, Boyuan and Chen, Shijie and Stevens, Sam and Wang, Boshi and Sun, Huan and Su, Yu},
  journal={Advances in Neural Information Processing Systems},
  volume={36},
  pages={28091--28114},
  year={2023}
}

3
@inproceedings{brohan2023can,
  title={Do as i can, not as i say: Grounding language in robotic affordances},
  author={Brohan, Anthony and Chebotar, Yevgen and Finn, Chelsea and Hausman, Karol and Herzog, Alexander and Ho, Daniel and Ibarz, Julian and Irpan, Alex and Jang, Eric and Julian, Ryan and others},
  booktitle={Conference on robot learning},
  pages={287--318},
  year={2023},
  organization={PMLR}
}

160
@article{wei2022chain,
  title={Chain-of-thought prompting elicits reasoning in large language models},
  author={Wei, Jason and Wang, Xuezhi and Schuurmans, Dale and Bosma, Maarten and Xia, Fei and Chi, Ed and Le, Quoc V and Zhou, Denny and others},
  journal={Advances in neural information processing systems},
  volume={35},
  pages={24824--24837},
  year={2022}
}
